<record><leader>00000cas a22000007a 4500</leader><controlfield tag="001">19955385</controlfield><controlfield tag="008">890630d19631963couwr ne      0    0eng d</controlfield><datafield ind1=" " ind2=" " tag="010"><subfield code="a">sn 89052196 </subfield></datafield><datafield ind1=" " ind2=" " tag="040"><subfield code="a">CNQ</subfield><subfield code="b">eng</subfield><subfield code="c">CNQ</subfield><subfield code="d">NVG</subfield><subfield code="d">OCLCQ</subfield><subfield code="d">OCLCF</subfield><subfield code="d">OCLCO</subfield></datafield><datafield ind1="1" ind2=" " tag="029"><subfield code="a">AU@</subfield><subfield code="b">000020627661</subfield></datafield><datafield ind1=" " ind2=" " tag="042"><subfield code="a">msc</subfield></datafield><datafield ind1=" " ind2=" " tag="043"><subfield code="a">n-us-nb</subfield></datafield><datafield ind1="0" ind2=" " tag="130"><subfield code="a">Big Springs enterprise (Big Springs, Neb. : 1963)</subfield></datafield><datafield ind1="1" ind2="0" tag="245"><subfield code="a">Big Springs enterprise.</subfield></datafield><datafield ind1=" " ind2=" " tag="260"><subfield code="a">Big Springs, Neb. :</subfield><subfield code="b">Herbert M. Fisbeck,</subfield><subfield code="c">1963.</subfield></datafield><datafield ind1=" " ind2=" " tag="300"><subfield code="a">v.</subfield></datafield><datafield ind1=" " ind2=" " tag="310"><subfield code="a">Weekly</subfield></datafield><datafield ind1="0" ind2=" " tag="362"><subfield code="a">Vol. 10, no. 1 (Feb. 5, 1963)-v. 11 no. 16 (May 31, 1963).</subfield></datafield><datafield ind1=" " ind2=" " tag="530"><subfield code="a">Available on microfilm from the Colorado Historical Society.</subfield></datafield><datafield ind1=" " ind2=" " tag="580"><subfield code="a">Continued in Julesburg grit-advocate.</subfield></datafield><datafield ind1=" " ind2="0" tag="651"><subfield code="a">Big Springs (Neb.)</subfield><subfield code="v">Newspapers.</subfield></datafield><datafield ind1=" " ind2="7" tag="655"><subfield code="a">Newspapers.</subfield><subfield code="2">fast</subfield><subfield code="0">(OCoLC)fst01423814</subfield></datafield><datafield ind1=" " ind2="7" tag="651"><subfield code="a">Nebraska</subfield><subfield code="z">Big Springs.</subfield><subfield code="2">fast</subfield><subfield code="0">(OCoLC)fst01275701</subfield></datafield><datafield ind1=" " ind2=" " tag="752"><subfield code="a">United States</subfield><subfield code="b">Nebraska</subfield><subfield code="c">Deuel</subfield><subfield code="d">Big Springs.</subfield></datafield><datafield ind1="0" ind2="7" tag="780"><subfield code="t">Keith County news (Ogallala, Neb. : 1897)</subfield></datafield><datafield ind1="1" ind2="4" tag="785"><subfield code="t">Julesburg grit-advocate</subfield><subfield code="w">(DLC)sn 89052197</subfield></datafield></record>